
% BibTeX Entries
 
 @misc{statickiri,
 author               = "{Pascal Alfadian}",
 title                = "{KIRI}",
 howpublished 				= "\url{http://static.kiri.travel/}",
 year									= {2014},
 note 								= "[Online; diakses 28 September 2015]"
}

@misc{phpnet,
 author               = "{The PHP Group}",
 title                = "{php}",
 howpublished 				= "\url{http://php.net/manual/en/intro-whatis.php}",
 year									= {2015},
 note 								= "[Online; diakses 28 September 2015]"
}

@misc{porting,
 author               = "{Janalta Interactive Inc.}",
 title                = "{Porting}",
 howpublished 				= "\url{https://www.techopedia.com/definition/8925/porting}",
 year									= {2015},
 note 								= "[Online; diakses 28 September 2015]"
}

@misc{githubkiri,
 author               = "{Pascal Alfadian}",
 title                = "{TirtayasaGH}",
 howpublished 				= "\url{https://github.com/pascalalfadian/TirtayasaGH}",
 year									= {2014},
 note 								= "[Online; diakses 28 September 2015]"
}

@misc{devtools,
	author = {Google},
	title = "{Chrome DevTools}",
	howpublished = "\url{https://developers.google.com/web/tools/chrome-devtools/index?hl=en#learnmore}",
	year = {2015}, 
	note = "[Online; diakses 2 Oktober 2015]"
}

 @book{playforjava,
 author               = {Nicolas Leroux and  Sietse De Kaper},
 title            		= {Play for Java},
 publisher            = {Manning Publications Co.},
 isbn                 = {9781617290909},
 year                 = {2014},
 }
 
 
