
% BibTeX Entries
 
 @misc{statickiri,
 author               = "{Pascal Alfadian}",
 title                = "{KIRI}",
 howpublished 				= "\url{http://static.kiri.travel/}",
 year									= {2014},
 note 								= "[Online; diakses 28 September 2015]"
}

@misc{phpnet,
 author               = "{The PHP Group}",
 title                = "{php}",
 howpublished 				= "\url{http://php.net}",
 year									= {2015},
 note 								= "[Online; diakses 28 September 2015]"
}

@misc{githubkiri,
 author               = "{Pascal Alfadian}",
 title                = "{TirtayasaGH}",
 howpublished 				= "\url{https://github.com/pascalalfadian/TirtayasaGH}",
 year									= {2014},
 note 								= "[Online; diakses 28 September 2015]"
}

@misc{mysql,
 author               = "{Oracle}",
 title                = "{MySQL}",
 howpublished 				= "\url{http://www.mysql.com/}",
 year									= {2015},
 note 								= "[Online; diakses 3 Oktober 2015]"
}

@misc{i18n,
 author               = "{Oracle}",
 title                = "{Internationalization}",
 howpublished 				= "\url{http://docs.oracle.com/javase/7/docs/technotes/guides/intl/}",
 year									= {2014},
 note 								= "[Online; diakses 3 Oktober 2015]"
}

@misc{openlayers,
 author               = "{Anonymous}",
 title                = "{OpenLayers 3}",
 howpublished 				= "\url{http://openlayers.org/}",
 year									= {2015},
 note 								= "[Online; diakses 1 Oktober 2015]"
}

@misc{zurbfoundation,
 author               = "{Zurb}",
 title                = "{Foundation | The Most Advanced Responsive Front-end Framework from ZURB}",
 howpublished 				= "\url{http://foundation.zurb.com/}",
 year									= {2015},
 note 								= "[Online; diakses 1 Oktober 2015]"
}

@misc{devtools,
	author = {Google},
	title = "{Chrome DevTools}",
	howpublished = "\url{https://developers.google.com/web/tools/chrome-devtools/index?hl=en#learnmore}",
	year = {2015}, 
	note = "[Online; diakses 2 Oktober 2015]"
}

 @book{playforjava,
 author               = {Nicolas Leroux and  Sietse De Kaper},
 title            		= {Play for Java},
 publisher            = {Manning Publications Co.},
 isbn                 = {9781617290909},
 year                 = {2014},
 }
 
@misc{type-safety,
	author = {Anonymous},
	title = "{Type Safety}",
	howpublished = "\url{https://en.wikipedia.org/wiki/Type_safety#Type-safe_and_type-unsafe_languages}",
	year = {2015}, 
	note = "[Online; diakses 27 Oktober 2015]"
}

 @book{openlayersbook,
 author               = {Perez Antonio Santiago},
 title            		= {OpenLayers Cookbook},
 publisher            = {Packt Publishing},
 isbn                 = {1849517843, 9781849517843},
 year                 = {2012},
 }
 
  @book{zurbfoundationbook,
 author               = {Andrew D. Patterson},
 title            		= {Getting Started with Zurb Foundation 4},
 publisher            = {Packt Publishing},
 isbn                 = {1782165967, 9781782165965},
 year                 = {2013},
 }
